@article{2020-power-law-kernels,
	author  = {Gutleb, Timon S. and Carrillo, Jos{\ifmmode\acute{e}\else\'{e}\fi} A. and Olver, Sheehan},
	title   = {{Computing Equilibrium Measures with Power Law Kernels}},
	journal = {arXiv},
	year    = {2020},
	month   = oct,
	eprint  = {2011.00045},
	doi     = {10.1090/mcom/3740}
}

@article{2021-arbitrary-dimensions,
	author  = {Gutleb, Timon S. and Carrillo, Jos{\ifmmode\acute{e}\else\'{e}\fi} A. and Olver, Sheehan},
	title   = {{Computation of Power Law Equilibrium Measures on Balls of Arbitrary Dimension}},
	journal = {arXiv},
	year    = {2021},
	month   = sep,
	eprint  = {2109.00843},
	doi     = {10.1007/s00365-022-09606-0}
}

@article{2017-power-law-potentials,
	title    = {Explicit equilibrium solutions for the aggregation equation with power-law potentials},
	journal  = {Kinetic and Related Models},
	volume   = {10},
	number   = {1},
	pages    = {171-192},
	year     = {2017},
	issn     = {1937-5093},
	doi      = {10.3934/krm.2017007},
	author   = {Jos√© A. Carrillo and Yanghong Huang},
	keywords = {Fredholm integral equations, stationary solutions}
}

@article{2014-explicit-flock-solutions-for-quasi-morse-potentials,
	title     = {Explicit flock solutions for Quasi-Morse potentials},
	volume    = {25},
	doi       = {10.1017/S0956792514000126},
	number    = {5},
	journal   = {European Journal of Applied Mathematics},
	publisher = {Cambridge University Press},
	author    = {CARRILLO, J. A. and HUANG, Y. and MARTIN, S.},
	year      = {2014},
	pages     = {553-578}
}

@article{2015-ring-patterns,
	author    = {Bertozzi, Andrea L. and Kolokolnikov, Theodore and Sun, Hui and Uminsky, David and Brecht, James von},
	title     = {{Ring patterns and their bifurcations in a nonlocal model of biological swarms}},
	journal   = {Comm. Math. Sci.},
	volume    = {13},
	number    = {4},
	pages     = {955--985},
	year      = {2015},
	issn      = {1945-0796},
	publisher = {International Press of Boston},
	doi       = {10.4310/CMS.2015.v13.n4.a6}
}
